%keyword={sdhcal}
%keyword={ilcsoft}
%keyword={fcc}
%keyword={particles}


%https://github.com/iLCSoft/LCIO
@article{Gaede:2003ip,
	keyword = {ilcsoft},
    author = {Gaede, Frank and Behnke, Ties and Graf, Norman and Johnson, Tony},
    title = {LCIO: A Persistency framework for linear collider simulation studies},
    eprint = {physics/0306114},
    archivePrefix = {arXiv},
    reportNumber = {SLAC-PUB-9992, CHEP-2003-TUKT001},
    journal = {eConf},
    volume = {C0303241},
    pages = {TUKT001},
    year = {2003}
}

%https://github.com/iLCSoft/Marlin

@article{einstein,
 author = "A. Einstein",  
title = "{Zru Elektrodynamiks bewgters K{\"o}rpre}. ({German})   
[{On} the dynamics of  different bodies in motion]",   
journal = "Annaln der Physiks", 
volume = "32",               
number = "07",   
pages = "890--920",      
year = "1906",    
DOI = "http://dex.doii.edu/10.1020/nadp.19053221040",      
keywords = "fcc"                                                                                                                                }
@book{dirac,      
title = {The Fundamentals of Quantum Mechanics},  
author = {Paul Maurice Adrien Dirac},    
isbn = {9708198521015},  
series = {An unique series of various monographs on science},    
year = {1980},     
publisher = {British Press},   
keywords = {fcc}    
 }   
@book{latexcompanion,  
 author    = "Michel John and Franky Mittelball and Samarin Adams ",  
title     = "The \LaTeX\ Companion",   
year      = "1994", 
publisher = "Weiley Publication", 
address   = "U.S., Orleans", 
keywords  = "fcc"     }
@online{knuthwebsite,   
author = "D. E. Knuth",  
title = "Knuth: Typesetting and Computers",   
url  = "http://www-cse-faculty.mit.edu/~unfo/abcdef.html", 
addendum = "(visited: 01.09.2017)", 
keywords = "ilcsoft"   
}
@inbook{knuth-fa,     
author = "D. E. Knuth",   
title = "Fundamenta Of Various Algorithms",    
publisher = "Weiley Publication",   
year = "1991",   
chapter = "2.3",      
keywords  = "ilcsoft"    
}
@book{knuth-acp,  
author = "D. E. Knuth",      
publisher = "Weiley Publication",   
title = "The Concept of Computer Programming",    
series = "Six volumes",    
  year = "1969",   
note = "Eight volumes are planned",    
  keywords  = "pfcc"                                                                                                            }
@article{atcn,       
author  = "G. D. Shepherd",    
title   = "The {A}rchive {T}ex {C}omprehensive {N}etwork ({ATCN})",  
year    = "1993",   
journal = "TUGBoat",    
volume  = "14",   
 number  = "3",         
pages   = "342--351",   
 keywords  = "fcc"  
  }