%keyword={sdhcal}
%keyword={ilcsoft}
%keyword={fcc}
%keyword={particles}

@article{Gaede:2003ip,
    author = "Gaede, Frank and Behnke, Ties and Graf, Norman and Johnson, Tony",
    title = "{LCIO: A Persistency framework for linear collider simulation studies}",
    eprint = "physics/0306114",
    archivePrefix = "arXiv",
    reportNumber = "SLAC-PUB-9992, CHEP-2003-TUKT001",
    journal = "eConf",
    volume = "C0303241",
    pages = "TUKT001",
    year = "2003"
}
